@article{strydom2010evidence,
  title={Evidence-based policymaking: a review},
  author={Strydom, Wilma F and Funke, Nikki and Nienaber, Shanna and Nortje, Karen and Steyn, Maronel},
  journal={South African Journal of Science},
  volume={106},
  number={5},
  pages={1--8},
  year={2010},
  publisher={Academy of Science for South Africa (ASSAf)}
}

@article{guess2021consequences,
  title={The consequences of online partisan media},
  author={Guess, Andrew M and Barber{\'a}, Pablo and Munzert, Simon and Yang, JungHwan},
  journal={Proceedings of the National Academy of Sciences},
  volume={118},
  number={14},
  pages={e2013464118},
  year={2021},
  publisher={National Acad Sciences}
}

@article{gade2023justified,
  title={When is it justified to claim that a practice or policy is evidence-based? Reflections on evidence and preferences},
  author={Gade, Christian},
  journal={Evidence \& Policy},
  pages={1--10},
  year={2023},
  publisher={Policy Press}
}

@book{national2012using,
  title={Using science as evidence in public policy},
  author={{National Research Council}},
  year={2012}
}

@article{fatehkia2018using,
  title={Using Facebook ad data to track the global digital gender gap},
  author={Fatehkia, Masoomali and Kashyap, Ridhi and Weber, Ingmar},
  journal={World Development},
  volume={107},
  pages={189--209},
  year={2018},
  publisher={Elsevier}
}

@article{jean2016combining,
  title={Combining satellite imagery and machine learning to predict poverty},
  author={Jean, Neal and Burke, Marshall and Xie, Michael and Davis, W Matthew and Lobell, David B and Ermon, Stefano},
  journal={Science},
  volume={353},
  number={6301},
  pages={790--794},
  year={2016},
  publisher={American Association for the Advancement of Science}
}

@article{toole2015path,
  title={The path most traveled: Travel demand estimation using big data resources},
  author={Toole, Jameson L and Colak, Serdar and Sturt, Bradley and Alexander, Lauren P and Evsukoff, Alexandre and Gonz{\'a}lez, Marta C},
  journal={Transportation Research Part C: Emerging Technologies},
  volume={58},
  pages={162--177},
  year={2015},
  publisher={Elsevier}
}

@article{munzert2021tracking,
  title={Tracking and promoting the usage of a COVID-19 contact tracing app},
  author={Munzert, Simon and Selb, Peter and Gohdes, Anita and Stoetzer, Lukas F and Lowe, Will},
  journal={Nature human behaviour},
  volume={5},
  number={2},
  pages={247--255},
  year={2021},
  publisher={Nature Publishing Group UK London}
}

@article{guess2023social,
  title={How do social media feed algorithms affect attitudes and behavior in an election campaign?},
  author={Guess, Andrew M and Malhotra, Neil and Pan, Jennifer and Barber{\'a}, Pablo and Allcott, Hunt and Brown, Taylor and Crespo-Tenorio, Adriana and Dimmery, Drew and Freelon, Deen and Gentzkow, Matthew and others},
  journal={Science},
  volume={381},
  number={6656},
  pages={398--404},
  year={2023},
  publisher={American Association for the Advancement of Science}
}

@inproceedings{arbour2021efficient,
  title={Efficient balanced treatment assignments for experimentation},
  author={Arbour, David and Dimmery, Drew and Rao, Anup},
  booktitle={International Conference on Artificial Intelligence and Statistics},
  pages={3070--3078},
  year={2021},
  organization={PMLR}
}

@article{knaus2022double,
  title={Double machine learning-based programme evaluation under unconfoundedness},
  author={Knaus, Michael C},
  journal={The Econometrics Journal},
  volume={25},
  number={3},
  pages={602--627},
  year={2022},
  publisher={Oxford University Press}
}

@article{abadie2015comparative,
  title={Comparative politics and the synthetic control method},
  author={Abadie, Alberto and Diamond, Alexis and Hainmueller, Jens},
  journal={American Journal of Political Science},
  volume={59},
  number={2},
  pages={495--510},
  year={2015},
  publisher={Wiley Online Library}
}