@article{strydom2010evidence,
  title={Evidence-based policymaking: a review},
  author={Strydom, Wilma F and Funke, Nikki and Nienaber, Shanna and Nortje, Karen and Steyn, Maronel},
  journal={South African Journal of Science},
  volume={106},
  number={5},
  pages={1--8},
  year={2010},
  publisher={Academy of Science for South Africa (ASSAf)}
}

@article{guess2021consequences,
  title={The consequences of online partisan media},
  author={Guess, Andrew M and Barber{\'a}, Pablo and Munzert, Simon and Yang, JungHwan},
  journal={Proceedings of the National Academy of Sciences},
  volume={118},
  number={14},
  pages={e2013464118},
  year={2021},
  publisher={National Acad Sciences}
}

@article{gade2023justified,
  title={When is it justified to claim that a practice or policy is evidence-based? Reflections on evidence and preferences},
  author={Gade, Christian},
  journal={Evidence \& Policy},
  pages={1--10},
  year={2023},
  publisher={Policy Press}
}

@book{national2012using,
  title={Using science as evidence in public policy},
  author={{National Research Council}},
  year={2012}
}

@article{grossman2022media,
  title={Media and policy making in the digital age},
  author={Grossman, Emiliano},
  journal={Annual Review of Political Science},
  volume={25},
  pages={443--461},
  year={2022},
  publisher={Annual Reviews}
}

@article{lorenz2023systematic,
  title={A systematic review of worldwide causal and correlational evidence on digital media and democracy},
  author={Lorenz-Spreen, Philipp and Oswald, Lisa and Lewandowsky, Stephan and Hertwig, Ralph},
  journal={Nature human behaviour},
  volume={7},
  number={1},
  pages={74--101},
  year={2023},
  publisher={Nature Publishing Group UK London}
}

@article{munzert2021meta,
  title={Meta-analysis of the effects of voting advice applications},
  author={Munzert, Simon and Ramirez-Ruiz, Sebastian},
  journal={Political Communication},
  volume={38},
  number={6},
  pages={691--706},
  year={2021},
  publisher={Taylor \& Francis}
}

@article{humphreys2020aggregation,
  title={The aggregation challenge},
  author={Humphreys, Macartan and Scacco, Alexandra},
  journal={World Development},
  volume={127},
  pages={104806},
  year={2020},
  publisher={Elsevier}
}

@article{fernandez2022causal,
  title={Causal decision making and causal effect estimation are not the sameâ€¦ and why it matters},
  author={Fern{\'a}ndez-Lor{\'\i}a, Carlos and Provost, Foster},
  journal={INFORMS Journal on Data Science},
  volume={1},
  number={1},
  pages={4--16},
  year={2022},
  publisher={INFORMS}
}

@article{blair2021community,
  title={Community policing does not build citizen trust in police or reduce crime in the Global South},
  author={Blair, Graeme and Weinstein, Jeremy M and Christia, Fotini and Arias, Eric and Badran, Emile and Blair, Robert A and Cheema, Ali and Farooqui, Ahsan and Fetzer, Thiemo and Grossman, Guy and others},
  journal={Science},
  volume={374},
  number={6571},
  pages={eabd3446},
  year={2021},
  publisher={American Association for the Advancement of Science}
}