@article{strydom2010evidence,
  title={Evidence-based policymaking: a review},
  author={Strydom, Wilma F and Funke, Nikki and Nienaber, Shanna and Nortje, Karen and Steyn, Maronel},
  journal={South African Journal of Science},
  volume={106},
  number={5},
  pages={1--8},
  year={2010},
  publisher={Academy of Science for South Africa (ASSAf)}
}

@article{guess2021consequences,
  title={The consequences of online partisan media},
  author={Guess, Andrew M and Barber{\'a}, Pablo and Munzert, Simon and Yang, JungHwan},
  journal={Proceedings of the National Academy of Sciences},
  volume={118},
  number={14},
  pages={e2013464118},
  year={2021},
  publisher={National Acad Sciences}
}

@article{gade2023justified,
  title={When is it justified to claim that a practice or policy is evidence-based? Reflections on evidence and preferences},
  author={Gade, Christian},
  journal={Evidence \& Policy},
  pages={1--10},
  year={2023},
  publisher={Policy Press}
}

@book{national2012using,
  title={Using science as evidence in public policy},
  author={{National Research Council}},
  year={2012}
}