@Manual{arm,
title = {{arm}: Data Analysis Using Regression and Multilevel/Hierarchical
Models},
  author = {Andrew Gelman and Yu-Sung Su},
  year = {2024},
  note = {R package version 1.14-4},
  url = {https://CRAN.R-project.org/package=arm},
}
@Manual{base,
title = {{R}: A Language and Environment for Statistical Computing},
  author = {{R Core Team}},
  organization = {R Foundation for Statistical Computing},
  address = {Vienna, Austria},
  year = {2024},
  url = {https://www.R-project.org/},
}
@Article{bayestestR,
title = {{bayestestR}: Describing Effects and their Uncertainty, Existence and Significance within the Bayesian Framework.},
  author = {Dominique Makowski and Mattan S. Ben-Shachar and Daniel Lüdecke},
  journal = {Journal of Open Source Software},
  doi = {10.21105/joss.01541},
  year = {2019},
  number = {40},
  volume = {4},
  pages = {1541},
  url = {https://joss.theoj.org/papers/10.21105/joss.01541},
}
@Manual{broomhelpers,
title = {{broom.helpers}: Helpers for Model Coefficients Tibbles},
  author = {Joseph Larmarange and Daniel D. Sjoberg},
  year = {2024},
  note = {R package version 1.15.0},
  url = {https://CRAN.R-project.org/package=broom.helpers},
}
@Manual{broommixed,
title = {{broom.mixed}: Tidying Methods for Mixed Models},
  author = {Ben Bolker and David Robinson},
  year = {2024},
  note = {R package version 0.2.9.5},
  url = {https://CRAN.R-project.org/package=broom.mixed},
}
@Manual{corrr,
title = {{corrr}: Correlations in R},
  author = {Max Kuhn and Simon Jackson and Jorge Cimentada},
  year = {2022},
  note = {R package version 0.4.4},
  url = {https://CRAN.R-project.org/package=corrr},
}
@Manual{cowplot,
title = {{cowplot}: Streamlined Plot Theme and Plot Annotations for `{ggplot2}'},
  author = {Claus O. Wilke},
  year = {2024},
  note = {R package version 1.1.3},
  url = {https://CRAN.R-project.org/package=cowplot},
}
@Manual{cregg,
title = {{cregg}: Simple Conjoint Analyses and Visualization},
  author = {Thomas J. Leeper},
  year = {2020},
  note = {R package version 0.4.0},
}
@Article{effectsize,
  title = {{e}ffectsize: Estimation of Effect Size Indices and Standardized Parameters},
  author = {Mattan S. Ben-Shachar and Daniel Lüdecke and Dominique Makowski},
  year = {2020},
  journal = {Journal of Open Source Software},
  volume = {5},
  number = {56},
  pages = {2815},
  publisher = {The Open Journal},
  doi = {10.21105/joss.02815},
  url = {https://doi.org/10.21105/joss.02815},
}
@Manual{emmeans,
title = {{emmeans}: Estimated Marginal Means, aka Least-Squares Means},
  author = {Russell V. Lenth},
  year = {2024},
  note = {R package version 1.10.1},
  url = {https://CRAN.R-project.org/package=emmeans},
}
@Manual{estimatr,
title = {{estimatr}: Fast Estimators for Design-Based Inference},
  author = {Graeme Blair and Jasper Cooper and Alexander Coppock and Macartan Humphreys and Luke Sonnet},
  year = {2024},
  note = {R package version 1.0.4},
  url = {https://CRAN.R-project.org/package=estimatr},
}
@Manual{gdata,
title = {{gdata}: Various R Programming Tools for Data Manipulation},
  author = {Gregory R. Warnes and Gregor Gorjanc and Arni Magnusson and Liviu Andronic and Jim Rogers and Don MacQueen and Ales Korosec},
  year = {2023},
  note = {R package version 3.0.0},
  url = {https://CRAN.R-project.org/package=gdata},
}
@Manual{ggcorrplot,
title = {{ggcorrplot}: Visualization of a Correlation Matrix using `{ggplot2}'},
  author = {Alboukadel Kassambara},
  year = {2023},
  note = {R package version 0.1.4.1},
  url = {https://CRAN.R-project.org/package=ggcorrplot},
}
@Manual{ggthemes,
title = {{ggthemes}: Extra Themes, Scales and Geoms for `{ggplot2}'},
  author = {Jeffrey B. Arnold},
  year = {2024},
  note = {R package version 5.1.0},
  url = {https://CRAN.R-project.org/package=ggthemes},
}
@Manual{gridExtra,
title = {{gridExtra}: Miscellaneous Functions for ``{Grid}'' Graphics},
  author = {Baptiste Auguie},
  year = {2017},
  note = {R package version 2.3},
  url = {https://CRAN.R-project.org/package=gridExtra},
}
@Manual{gt,
title = {{gt}: Easily Create Presentation-Ready Display Tables},
  author = {Richard Iannone and Joe Cheng and Barret Schloerke and Ellis Hughes and Alexandra Lauer and JooYoung Seo},
  year = {2024},
  note = {R package version 0.10.1},
  url = {https://CRAN.R-project.org/package=gt},
}
@Manual{gtExtras,
title = {{gtExtras}: Extending `{gt}' for Beautiful HTML Tables},
  author = {Thomas Mock},
  year = {2023},
  note = {R package version 0.5.0},
  url = {https://CRAN.R-project.org/package=gtExtras},
}
@Article{infer,
  title = {{infer}: An {R} package for tidyverse-friendly statistical inference},
  author = {Simon P. Couch and Andrew P. Bray and Chester Ismay and Evgeni Chasnovski and Benjamin S. Baumer and Mine Çetinkaya-Rundel},
  journal = {Journal of Open Source Software},
  year = {2021},
  volume = {6},
  number = {65},
  pages = {3661},
  doi = {10.21105/joss.03661},
}
@Manual{janitor,
title = {{janitor}: Simple Tools for Examining and Cleaning Dirty Data},
  author = {Sam Firke},
  year = {2023},
  note = {R package version 2.2.0},
  url = {https://CRAN.R-project.org/package=janitor},
}
@Manual{labelled,
title = {{labelled}: Manipulating Labelled Data},
  author = {Joseph Larmarange},
  year = {2024},
  note = {R package version 2.13.0},
  url = {https://CRAN.R-project.org/package=labelled},
}
@Article{lme4,
  title = {Fitting Linear Mixed-Effects Models Using {lme4}},
  author = {Douglas Bates and Martin M{\"a}chler and Ben Bolker and Steve Walker},
  journal = {Journal of Statistical Software},
  year = {2015},
  volume = {67},
  number = {1},
  pages = {1--48},
  doi = {10.18637/jss.v067.i01},
}
@Article{lmerTest,
  title = {{lmerTest} Package: Tests in Linear Mixed Effects Models},
  author = {Alexandra Kuznetsova and Per B. Brockhoff and Rune H. B. Christensen},
  journal = {Journal of Statistical Software},
  year = {2017},
  volume = {82},
  number = {13},
  pages = {1--26},
  doi = {10.18637/jss.v082.i13},
}
@Manual{marginaleffects,
title = {{marginaleffects}: Predictions, Comparisons, Slopes, Marginal Means, and Hypothesis
Tests},
  author = {Vincent Arel-Bundock},
  year = {2024},
  note = {R package version 0.19.0},
  url = {https://CRAN.R-project.org/package=marginaleffects},
}
@Book{MASS,
  title = {Modern Applied Statistics with S},
  author = {W. N. Venables and B. D. Ripley},
  publisher = {Springer},
  edition = {Fourth},
  address = {New York},
  year = {2002},
  note = {ISBN 0-387-95457-0},
  url = {https://www.stats.ox.ac.uk/pub/MASS4/},
}
@Manual{Matrix,
title = {{Matrix}: Sparse and Dense Matrix Classes and Methods},
  author = {Douglas Bates and Martin Maechler and Mikael Jagan},
  year = {2024},
  note = {R package version 1.7-0},
  url = {https://CRAN.R-project.org/package=Matrix},
}
@Article{modelsummary,
  title = {{modelsummary}: Data and Model Summaries in {R}},
  author = {Vincent Arel-Bundock},
  journal = {Journal of Statistical Software},
  year = {2022},
  volume = {103},
  number = {1},
  pages = {1--23},
  doi = {10.18637/jss.v103.i01},
}
@Manual{RColorBrewer,
title = {{RColorBrewer}: ColorBrewer Palettes},
  author = {Erich Neuwirth},
  year = {2022},
  note = {R package version 1.1-3},
  url = {https://CRAN.R-project.org/package=RColorBrewer},
}
@Manual{scales,
title = {{scales}: Scale Functions for Visualization},
  author = {Hadley Wickham and Thomas Lin Pedersen and Dana Seidel},
  year = {2023},
  note = {R package version 1.3.0},
  url = {https://CRAN.R-project.org/package=scales},
}
@Manual{summarytools,
title = {{summarytools}: Tools to Quickly and Neatly Summarize Data},
  author = {Dominic Comtois},
  year = {2022},
  note = {R package version 1.0.1},
  url = {https://CRAN.R-project.org/package=summarytools},
}
@Article{texreg,
  title = {{texreg}: Conversion of Statistical Model Output in {R} to {\LaTeX} and {HTML} Tables},
  author = {Philip Leifeld},
  journal = {Journal of Statistical Software},
  year = {2013},
  volume = {55},
  number = {8},
  pages = {1--24},
  url = {https://doi.org/10.18637/jss.v055.i08},
}
@Manual{viridis,
  title = {{viridis(Lite)} - Colorblind-Friendly Color Maps for R},
  author = {{Garnier} and {Simon} and {Ross} and {Noam} and {Rudis} and {Robert} and {Camargo} and Antônio Pedro and {Sciaini} and {Marco} and {Scherer} and {Cédric}},
  year = {2024},
  note = {viridis package version 0.6.5},
  url = {https://sjmgarnier.github.io/viridis/},
  doi = {10.5281/zenodo.4679423},
}
@Manual{viridisLite,
  title = {{viridis(Lite)} - Colorblind-Friendly Color Maps for R},
  author = {{Garnier} and {Simon} and {Ross} and {Noam} and {Rudis} and {Robert} and {Camargo} and Antônio Pedro and {Sciaini} and {Marco} and {Scherer} and {Cédric}},
  year = {2023},
  note = {viridisLite package version 0.4.2},
  url = {https://sjmgarnier.github.io/viridis/},
  doi = {10.5281/zenodo.4678327},
}
@Manual{writexl,
title = {{writexl}: Export Data Frames to Excel `{xlsx}' Format},
  author = {Jeroen Ooms},
  year = {2024},
  note = {R package version 1.5.0},
  url = {https://CRAN.R-project.org/package=writexl},
}
@Manual{xtable,
title = {{xtable}: Export Tables to LaTeX or HTML},
  author = {David B. Dahl and David Scott and Charles Roosen and Arni Magnusson and Jonathan Swinton},
  year = {2019},
  note = {R package version 1.8-4},
  url = {https://CRAN.R-project.org/package=xtable},
}
@Article{tidyverse,
  title = {Welcome to the {tidyverse}},
  author = {Hadley Wickham and Mara Averick and Jennifer Bryan and Winston Chang and Lucy D'Agostino McGowan and Romain François and Garrett Grolemund and Alex Hayes and Lionel Henry and Jim Hester and Max Kuhn and Thomas Lin Pedersen and Evan Miller and Stephan Milton Bache and Kirill Müller and Jeroen Ooms and David Robinson and Dana Paige Seidel and Vitalie Spinu and Kohske Takahashi and Davis Vaughan and Claus Wilke and Kara Woo and Hiroaki Yutani},
  year = {2019},
  journal = {Journal of Open Source Software},
  volume = {4},
  number = {43},
  pages = {1686},
  doi = {10.21105/joss.01686},
}
